<record><leader>00000cas a22000007a 4500</leader><controlfield tag="001">15972423</controlfield><controlfield tag="008">870615d19041914iaucr ne      0    0eng d</controlfield><datafield ind1=" " ind2=" " tag="010"><subfield code="a">sn 87058321 </subfield></datafield><datafield ind1=" " ind2=" " tag="040"><subfield code="a">INP</subfield><subfield code="b">eng</subfield><subfield code="c">INP</subfield><subfield code="d">OCLCQ</subfield></datafield><datafield ind1=" " ind2=" " tag="042"><subfield code="a">msc</subfield></datafield><datafield ind1="0" ind2="0" tag="245"><subfield code="a">Semi-weekly reporter.</subfield></datafield><datafield ind1="1" ind2="3" tag="246"><subfield code="a">Waterloo reporter</subfield></datafield><datafield ind1=" " ind2=" " tag="260"><subfield code="a">Waterloo, Iowa :</subfield><subfield code="b">Matt. Parrott &amp; Sons,</subfield><subfield code="c">1904-</subfield></datafield><datafield ind1=" " ind2=" " tag="300"><subfield code="a">v.</subfield></datafield><datafield ind1=" " ind2=" " tag="310"><subfield code="a">Semiweekly</subfield></datafield><datafield ind1="0" ind2=" " tag="362"><subfield code="a">Vol. 38, no. 30 (Sept. 6, 1904)-</subfield></datafield><datafield ind1="1" ind2=" " tag="362"><subfield code="a">Ceased Mar. 10, 1914.</subfield></datafield><datafield ind1=" " ind2=" " tag="515"><subfield code="a">Issues for Sept. 6, 1904- called also no. 6947-</subfield></datafield><datafield ind1=" " ind2=" " tag="752"><subfield code="a">United States</subfield><subfield code="b">Iowa</subfield><subfield code="c">Black Hawk</subfield><subfield code="d">Waterloo.</subfield></datafield><datafield ind1="0" ind2=" " tag="775"><subfield code="t">Waterloo daily reporter</subfield><subfield code="w">(DLC)sn 87058316</subfield></datafield><datafield ind1="0" ind2=" " tag="775"><subfield code="t">Waterloo reporter</subfield><subfield code="w">(DLC)sn 87058317</subfield></datafield><datafield ind1="0" ind2="0" tag="780"><subfield code="t">Semi-weekly Iowa state reporter</subfield><subfield code="w">(DLC)sn 87058320</subfield></datafield></record>